<record><leader>00000cas a2200000 a 4500</leader><controlfield tag="001">17762014</controlfield><controlfield tag="008">880411d18421929mduwr ne      0    0eng c</controlfield><datafield ind1=" " ind2=" " tag="010"><subfield code="a">sn 89060383 </subfield></datafield><datafield ind1=" " ind2=" " tag="040"><subfield code="a">DWT</subfield><subfield code="b">eng</subfield><subfield code="c">DWT</subfield><subfield code="d">MFN</subfield><subfield code="d">YOX</subfield><subfield code="d">OCL</subfield><subfield code="d">ATL</subfield><subfield code="d">NVF</subfield><subfield code="d">KRTAS</subfield><subfield code="d">OCLCQ</subfield><subfield code="d">OCLCF</subfield><subfield code="d">OCLCO</subfield></datafield><datafield ind1="1" ind2=" " tag="029"><subfield code="a">AU@</subfield><subfield code="b">000020122132</subfield></datafield><datafield ind1=" " ind2=" " tag="042"><subfield code="a">pcc</subfield></datafield><datafield ind1=" " ind2=" " tag="043"><subfield code="a">n-us---</subfield><subfield code="a">n-us-md</subfield></datafield><datafield ind1=" " ind2="4" tag="050"><subfield code="a">BX8400</subfield></datafield><datafield ind1="0" ind2=" " tag="130"><subfield code="a">Methodist protestant (Baltimore, Md. : 1842)</subfield></datafield><datafield ind1="1" ind2="4" tag="245"><subfield code="a">The Methodist protestant.</subfield></datafield><datafield ind1="1" ind2=" " tag="246"><subfield code="i">At head of title, July 20, 1842-July 22, 1843:</subfield><subfield code="a">Mutual rights</subfield></datafield><datafield ind1="1" ind2="3" tag="246"><subfield code="a">Protestant</subfield></datafield><datafield ind1=" " ind2=" " tag="260"><subfield code="a">Baltimore, Md. :</subfield><subfield code="b">Book Committee of the Methodist Protestant Church,</subfield><subfield code="c">1842-1929.</subfield></datafield><datafield ind1=" " ind2=" " tag="300"><subfield code="a">91 v.</subfield></datafield><datafield ind1=" " ind2=" " tag="310"><subfield code="a">Weekly</subfield></datafield><datafield ind1="0" ind2=" " tag="362"><subfield code="a">New ser., v. 9, no. 1 (July 30, 1842)-v. 99, no. 31 (July 31, 1929).</subfield></datafield><datafield ind1=" " ind2=" " tag="515"><subfield code="a">Issues through v. 12, no. 52 (July 18, 1846) called new ser.; v. numbers 42-44 omitted in numbering; issues for Nov. 7, 1874-June 26, 1875 called v. 45.</subfield></datafield><datafield ind1=" " ind2=" " tag="515"><subfield code="a">Issues for July 27, 1844-July 18, 1846 also called whole no. 699-whole no. 802.</subfield></datafield><datafield ind1=" " ind2=" " tag="525"><subfield code="a">Some issues accompanied by supplements.</subfield></datafield><datafield ind1=" " ind2=" " tag="530"><subfield code="a">Also issued on microfilm by American Theological Library Association.</subfield></datafield><datafield ind1=" " ind2=" " tag="550"><subfield code="a">Official organ of: Methodist Protestant Church, July 4, 1874-July 31, 1929.</subfield></datafield><datafield ind1="2" ind2="0" tag="610"><subfield code="a">Methodist Protestant Church (U.S. : 1830-1939)</subfield><subfield code="v">Newspapers.</subfield></datafield><datafield ind1=" " ind2="0" tag="650"><subfield code="a">Methodist Church</subfield><subfield code="v">Newspapers.</subfield></datafield><datafield ind1=" " ind2="0" tag="650"><subfield code="a">Methodists</subfield><subfield code="z">Maryland</subfield><subfield code="v">Newspapers.</subfield></datafield><datafield ind1=" " ind2="7" tag="655"><subfield code="a">Newspapers.</subfield><subfield code="2">fast</subfield><subfield code="0">(OCoLC)fst01423814</subfield></datafield><datafield ind1="2" ind2="7" tag="610"><subfield code="a">Methodist Protestant Church (U.S. : 1830-1939)</subfield><subfield code="2">fast</subfield><subfield code="0">(OCoLC)fst00541688</subfield></datafield><datafield ind1=" " ind2="7" tag="650"><subfield code="a">Methodist Church.</subfield><subfield code="2">fast</subfield><subfield code="0">(OCoLC)fst01018643</subfield></datafield><datafield ind1=" " ind2="7" tag="650"><subfield code="a">Methodists.</subfield><subfield code="2">fast</subfield><subfield code="0">(OCoLC)fst01018703</subfield></datafield><datafield ind1=" " ind2="7" tag="651"><subfield code="a">Maryland.</subfield><subfield code="2">fast</subfield><subfield code="0">(OCoLC)fst01204739</subfield></datafield><datafield ind1=" " ind2=" " tag="752"><subfield code="a">United States</subfield><subfield code="b">Maryland</subfield><subfield code="d">Baltimore.</subfield></datafield><datafield ind1="1" ind2=" " tag="776"><subfield code="c">Microfilm</subfield><subfield code="d">American Theological Library Association</subfield><subfield code="w">(DLC)   00221531</subfield><subfield code="w">(OCoLC)26201049</subfield></datafield><datafield ind1="0" ind2="0" tag="780"><subfield code="t">Methodist Protestant and family visitor</subfield><subfield code="w">(DLC)sn 89060412</subfield><subfield code="w">(OCoLC)20769763</subfield></datafield><datafield ind1="0" ind2="7" tag="785"><subfield code="t">Methodist recorder (Springfield, Ohio)</subfield><subfield code="w">(DLC)sn 89060384</subfield><subfield code="w">(OCoLC)17761930</subfield></datafield><datafield ind1="0" ind2="7" tag="785"><subfield code="t">Methodist Protestant-recorder</subfield><subfield code="w">(DLC)sn 89060385</subfield><subfield code="w">(OCoLC)17761851</subfield></datafield><datafield ind1=" " ind2=" " tag="938"><subfield code="a">Kirtas Technologies, Inc.</subfield><subfield code="b">KRTS</subfield><subfield code="n">740169</subfield></datafield></record>